






@ARTICLE{Grimault2002,
  author = {Nicolas Grimault and Christophe Micheyl and Robert P Carlyon and
	Lionel Collet},
  title = {Evidence for two pitch encoding mechanisms using a selective auditory
	training paradigm.},
  journal = {Percept. Psychophys.},
  year = {2002},
  volume = {64},
  pages = {189--197},
  number = {2},
}



@Article{Jesteadt1980,
   Author="Jesteadt, W.",
   Title="{{A}n adaptive procedure for subjective judgments}",
   Journal="Percept Psychophys",
   Year="1980",
   Volume="28",
   Number="1",
   Pages="85--88",
}


% 2011460 
@Article{Kaernbach1991,
   Author="Kaernbach, C.",
   Title="{{S}imple adaptive testing with the weighted up-down method}",
   Journal="Percept Psychophys",
   Year="1991",
   Volume="49",
   Number="3",
   Pages="227--229",
}


@Article{Levitt1971,
   Author="Levitt, H.",
   Title="{{T}ransformed up-down methods in psychoacoustics}",
   Journal="J. Acoust. Soc. Am.",
   Year="1971",
   Volume="49",
   Pages="467-477",
   Number="2",
}





@Book{Macmillan2005,
  author = 	 {Macmillan, Neil A. and Creelman, C. Douglas},
  title = 	 {Detection Theory: A User's Guide},
  publisher = 	 {Lawrence Erlbaum Associates},
  year = 	 {2005},
  address = 	 {Mahwah, NJ},
  edition = 	 {2dn},
}

